@Article{,
  title = {},
  author = {},
  journal = {},
  year = {},
  volume = {},
  number = {},
  pages = {}}

@techreport{,
  title = {},
  author = {},
  year = {},
  institution = {},
  type = {}
  }

@Book{,
  title = {},
  author = {},
  publisher = {},
  address = {},
  year = {},
  edition = {}
}

@Article{Andresen_2011,
  title = {The Ambient Population and
  Crime Analysis},
  author = {Martin Andresen},
  journal = {The Professional Geographer},
  year = {2011},
  volume = {63},
  number = {2},
  pages = {193-212}}

@Article{Andresen_2020,
  title = {Minimum Geocoding Match Rates: an International
  Study of the Impact of Data and Areal Unit Sizes},
  author = {Martin Andresen, Nick Malleson, Wouter Steenbek, Michael Townsley,     Christophe Vandeviver},
  journal = {International Journal of Geographical Information
  Science},
  year = {2020},
  volume = {34},
  number = {7},
  pages = {1306-1322}}

@Article{Brewer_2006,
  title = {Basic Mapping Principles for Visualizing Cancer Data
  Using Geographic Information Systems (GIS)},
  author = {Cynthia Brewer},
  journal = {American Journal of Preventive Medicine},
  year = {2006},
  volume = {30},
  number = {2S},
  pages = {S25-S36}}

@Article{Buil-Gi_2021,
  title = {Measuring the Dark Figure of Crime in Geographic Areas: Small Area       Estimation from the Crime Survey for England and Wales},
  author = {David Buil-Gil, Juanjo Medina, Natalie Shlomo},
  journal = {British Journal of Criminology},
  year = {2021},
  volume = {61},
  number = {2},
  pages = {364-388}}

@Article{Goudriaan,
  title = {Neigbourhood characteristics and reporting crime},
  author = {Heike Goudriaan, Karin Witterbrood, Paul Nieuwbeerta},
  journal = {British Journal of Criminology},
  year = {2006},
  volume = {46},
  pages = {719-742}}

@techreport{Hart,
  title = {Effects of Data Quality on Predictive Hotspot
  Mapping },
  author = {Timothy Hart, Paul Zandbergen},
  year = {2012},
  institution = {National Institute of Justice},
  type = {Final Report}
  }

@techreport{HMIC_2014,
  title = {Crime recording: making the victim count},
  author = {Her Majesty Inspectorate of Constabulary},
  year = {2014},
  institution = {HMIC},
  type = {Final Report}
  }

@Book{Lovelace_2019,
  title = {Geocomputation with R},
  author = {Robin Lovelace, Jakub Nowosad, Jannes Muenchow},
  publisher = {Chapman and Hall/CRC Press},
  address = {Boca Raton, Florida},
  year = {2019},
  edition = {}
}

@Article{Pebesma_2018,
  title = {Simple Features for R: Standardized
Support for Spatial Vector Data},
  author = {Edzer Pebesma},
  journal = {The R Journal},
  year = {2018},
  volume = {10},
  number = {1},
  pages = {439-446}}

@Article{Ratcliffe_2004,
  title = {Geocoding Crime and a First Estimate of a Minimum Acceptable Hit Rate},
  author = {Jerry Ratcliffe},
  journal = {International Journal of Geographical Information Science},
  year = {2004},
  volume = {18},
  number = {1},
  pages = {61-72}
  }

@Book{Wickham_2017,
  title = {R for Data Science: Import, Tidy, Transform, Visualize, and Model Data },
  author = {Hadley Wickham, Garrett Grolemund},
  publisher = {OÂ´Reilly},
  address = {Boston, MA},
  year = {2017},
  edition = {}
}


