@Manual{R-base,
  title = {R: A Language and Environment for Statistical Computing},
  author = {{R Core Team}},
  organization = {R Foundation for Statistical Computing},
  address = {Vienna, Austria},
  year = {2021},
  url = {https://www.R-project.org/},
}

@Manual{R-bookdown,
  title = {bookdown: Authoring Books and Technical Documents with R Markdown},
  author = {Yihui Xie},
  year = {2021},
  note = {R package version 0.24},
  url = {https://CRAN.R-project.org/package=bookdown},
}

@Manual{R-dplyr,
  title = {dplyr: A Grammar of Data Manipulation},
  author = {Hadley Wickham and Romain François and Lionel Henry and Kirill Müller},
  year = {2022},
  note = {R package version 1.0.8},
  url = {https://CRAN.R-project.org/package=dplyr},
}

@Manual{R-gganimate,
  title = {gganimate: A Grammar of Animated Graphics},
  author = {Thomas Lin Pedersen and David Robinson},
  year = {2020},
  note = {R package version 1.0.7},
  url = {https://CRAN.R-project.org/package=gganimate},
}

@Manual{R-ggfortify,
  title = {ggfortify: Data Visualization Tools for Statistical Analysis Results},
  author = {Masaaki Horikoshi and Yuan Tang},
  year = {2022},
  note = {R package version 0.4.14},
  url = {https://github.com/sinhrks/ggfortify},
}

@Manual{R-ggplot2,
  title = {ggplot2: Create Elegant Data Visualisations Using the Grammar of Graphics},
  author = {Hadley Wickham and Winston Chang and Lionel Henry and Thomas Lin Pedersen and Kohske Takahashi and Claus Wilke and Kara Woo and Hiroaki Yutani and Dewey Dunnington},
  year = {2021},
  note = {R package version 3.3.5},
  url = {https://CRAN.R-project.org/package=ggplot2},
}

@Manual{R-ggseas,
  title = {ggseas: stats for Seasonal Adjustment on the Fly with ggplot2},
  author = {Peter Ellis},
  year = {2018},
  note = {R package version 0.5.4},
  url = {https://CRAN.R-project.org/package=ggseas},
}

@Manual{R-ggTimeSeries,
  title = {ggTimeSeries: Time Series Visualisations Using the Grammar of Graphics},
  author = {Aditya Kothari},
  year = {2022},
  note = {R package version 1.0.2},
  url = {https://github.com/thecomeonman/ggTimeSeries},
}

@Manual{R-knitr,
  title = {knitr: A General-Purpose Package for Dynamic Report Generation in R},
  author = {Yihui Xie},
  year = {2021},
  note = {R package version 1.37},
  url = {https://yihui.org/knitr/},
}

@Manual{R-lubridate,
  title = {lubridate: Make Dealing with Dates a Little Easier},
  author = {Vitalie Spinu and Garrett Grolemund and Hadley Wickham},
  year = {2021},
  note = {R package version 1.8.0},
  url = {https://CRAN.R-project.org/package=lubridate},
}

@Manual{R-readr,
  title = {readr: Read Rectangular Text Data},
  author = {Hadley Wickham and Jim Hester and Jennifer Bryan},
  year = {2022},
  note = {R package version 2.1.2},
  url = {https://CRAN.R-project.org/package=readr},
}

@Manual{R-rmarkdown,
  title = {rmarkdown: Dynamic Documents for R},
  author = {JJ Allaire and Yihui Xie and Jonathan McPherson and Javier Luraschi and Kevin Ushey and Aron Atkins and Hadley Wickham and Joe Cheng and Winston Chang and Richard Iannone},
  year = {2022},
  note = {R package version 2.12},
  url = {https://CRAN.R-project.org/package=rmarkdown},
}

@Manual{R-sf,
  title = {sf: Simple Features for R},
  author = {Edzer Pebesma},
  year = {2022},
  note = {R package version 1.0-6},
  url = {https://CRAN.R-project.org/package=sf},
}

@Manual{R-spacetime,
  title = {spacetime: Classes and Methods for Spatio-Temporal Data},
  author = {Edzer Pebesma},
  year = {2022},
  note = {R package version 1.2-6},
  url = {https://github.com/edzer/spacetime},
}

@Manual{R-tmap,
  title = {tmap: Thematic Maps},
  author = {Martijn Tennekes},
  year = {2022},
  note = {R package version 3.3-3},
  url = {https://github.com/r-tmap/tmap},
}

@Book{bookdown2016,
  title = {bookdown: Authoring Books and Technical Documents with {R} Markdown},
  author = {Yihui Xie},
  publisher = {Chapman and Hall/CRC},
  address = {Boca Raton, Florida},
  year = {2016},
  note = {ISBN 978-1138700109},
  url = {https://bookdown.org/yihui/bookdown},
}

@Article{ggfortify2016,
  author = {Yuan Tang and Masaaki Horikoshi and Wenxuan Li},
  title = {ggfortify: Unified Interface to Visualize Statistical Result of Popular R Packages},
  journal = {The R Journal},
  year = {2016},
  number = {2},
  volume = {8},
  pages = {474--485},
  url = {https://doi.org/10.32614/RJ-2016-060},
  doi = {10.32614/RJ-2016-060},
}

@Manual{ggfortify2018,
  author = {Masaaki Horikoshi and Yuan Tang},
  title = {ggfortify: Data Visualization Tools for Statistical Analysis Results},
  year = {2018},
  url = {https://CRAN.R-project.org/package=ggfortify},
}

@Book{ggplot22016,
  author = {Hadley Wickham},
  title = {ggplot2: Elegant Graphics for Data Analysis},
  publisher = {Springer-Verlag New York},
  year = {2016},
  isbn = {978-3-319-24277-4},
  url = {https://ggplot2.tidyverse.org},
}

@Book{knitr2015,
  title = {Dynamic Documents with {R} and knitr},
  author = {Yihui Xie},
  publisher = {Chapman and Hall/CRC},
  address = {Boca Raton, Florida},
  year = {2015},
  edition = {2nd},
  note = {ISBN 978-1498716963},
  url = {https://yihui.org/knitr/},
}

@InCollection{knitr2014,
  booktitle = {Implementing Reproducible Computational Research},
  editor = {Victoria Stodden and Friedrich Leisch and Roger D. Peng},
  title = {knitr: A Comprehensive Tool for Reproducible Research in {R}},
  author = {Yihui Xie},
  publisher = {Chapman and Hall/CRC},
  year = {2014},
  note = {ISBN 978-1466561595},
  url = {http://www.crcpress.com/product/isbn/9781466561595},
}

@Article{lubridate2011,
  title = {Dates and Times Made Easy with {lubridate}},
  author = {Garrett Grolemund and Hadley Wickham},
  journal = {Journal of Statistical Software},
  year = {2011},
  volume = {40},
  number = {3},
  pages = {1--25},
  url = {https://www.jstatsoft.org/v40/i03/},
}

@Book{rmarkdown2018,
  title = {R Markdown: The Definitive Guide},
  author = {Yihui Xie and J.J. Allaire and Garrett Grolemund},
  publisher = {Chapman and Hall/CRC},
  address = {Boca Raton, Florida},
  year = {2018},
  note = {ISBN 9781138359338},
  url = {https://bookdown.org/yihui/rmarkdown},
}

@Book{rmarkdown2020,
  title = {R Markdown Cookbook},
  author = {Yihui Xie and Christophe Dervieux and Emily Riederer},
  publisher = {Chapman and Hall/CRC},
  address = {Boca Raton, Florida},
  year = {2020},
  note = {ISBN 9780367563837},
  url = {https://bookdown.org/yihui/rmarkdown-cookbook},
}

@Article{sf2018,
  author = {Edzer Pebesma},
  title = {{Simple Features for R: Standardized Support for Spatial Vector Data}},
  year = {2018},
  journal = {{The R Journal}},
  doi = {10.32614/RJ-2018-009},
  url = {https://doi.org/10.32614/RJ-2018-009},
  pages = {439--446},
  volume = {10},
  number = {1},
}

@Article{spacetime2012,
  title = {{spacetime}: Spatio-Temporal Data in {R}},
  author = {Edzer Pebesma},
  journal = {Journal of Statistical Software},
  year = {2012},
  volume = {51},
  number = {7},
  pages = {1--30},
  url = {https://www.jstatsoft.org/v51/i07/},
}

@Book{spacetime2013,
  author = {Roger S. Bivand and Edzer Pebesma and Virgilio Gomez-Rubio},
  title = {Applied spatial data analysis with {R}, Second edition},
  year = {2013},
  publisher = {Springer, NY},
  url = {https://asdar-book.org/},
}

@Article{tmap2018,
  title = {{tmap}: Thematic Maps in {R}},
  author = {Martijn Tennekes},
  journal = {Journal of Statistical Software},
  year = {2018},
  volume = {84},
  number = {6},
  pages = {1--39},
  doi = {10.18637/jss.v084.i06},
}

